\begin{thebibliography}{1}
    %% ARTIGOS SOBRE HRV

    %% ARTIGOS SOBRE HARDWARE
    
	\bibitem{polarecg} 
	Plews DJ et al
	\textit{Comparison of Heart Rate Variability Recording With Smart Phone Photoplethysmographic, Polar H7 Chest Strap and Electrocardiogram Methods.}. 
 	International journal of sports physiology and performance, March 2017.

	\bibitem{polarecg2} 
	Giles D, Draper N, Neil W
	\textit{Validity of the Polar V800 heart rate monitor to measure RR intervals at rest}. 
	European Journal of Applied Physiology, March 2016

	\bibitem{polarecg3} 
	Nunan D et al.
	\textit{Levels of agreement for RR intervals and short-term heart rate variability obtained from the Polar S810 and an alternative system}. 
	European Journal of Applied Physiology, July 2008
	
	\bibitem{SQL} Dulling T, Friedman E
	\textit{TimeTime Series Databases: New Ways to Store and Access Data}. O'Reilly, 2014. ISBN 978-1491914724.
	
	
\end{thebibliography}	