@article{Shaffer2017AnNorms.,
    title = {{An Overview of Heart Rate Variability Metrics and Norms.}},
    year = {2017},
    journal = {Frontiers in public health},
    author = {Shaffer, Fred and Ginsberg, J P},
    pages = {258},
    volume = {5},
    publisher = {Frontiers Media SA},
    url = {http://www.ncbi.nlm.nih.gov/pubmed/29034226 http://www.pubmedcentral.nih.gov/articlerender.fcgi?artid=PMC5624990},
    doi = {10.3389/fpubh.2017.00258},
    issn = {2296-2565},
    pmid = {29034226},
    keywords = {biofeedback, complexity, heart rate variability, non-linear measurements, normative values, optimal performance}
}

@article{Sami2004ARTEFACTDATA,
    title = {{ARTEFACT CORRECTION FOR HEART BEAT INTERVAL DATA}},
    year = {2004},
    journal = {Advanced Methods for Processing Bioelectrical Signals},
    author = {Sami, Saalasti and Mikko, Seppänen and Antti, Kuusela},
    url = {https://assets.firstbeat.com/firstbeat/uploads/2015/11/saalasti_et_al_probisi_2004_congress.pdf}
}

@article{Luque-Casado2013CognitiveLevel,
    title = {{Cognitive Performance and Heart Rate Variability: The Influence of Fitness Level}},
    year = {2013},
    journal = {PLoS ONE},
    author = {Luque-Casado, Antonio and Zabala, Mikel and Morales, Esther and Mateo-March, Manuel and Sanabria, Daniel},
    editor = {Frasch, Martin Gerbert},
    number = {2},
    month = {2},
    pages = {e56935},
    volume = {8},
    publisher = {Public Library of Science},
    url = {http://dx.plos.org/10.1371/journal.pone.0056935},
    doi = {10.1371/journal.pone.0056935},
    issn = {1932-6203}
}

@article{Plews2017ComparisonMethods,
    title = {{Comparison of Heart Rate Variability Recording With Smart Phone Photoplethysmographic, Polar H7 Chest Strap and Electrocardiogram Methods}},
    year = {2017},
    journal = {International Journal of Sports Physiology and Performance},
    author = {Plews, Daniel J. and Scott, Ben and Altini, Marco and Wood, Matt and Kilding, Andrew E. and Laursen, Paul B.},
    isbn = {8128562452},
    doi = {10.1123/ijspp.2016-0668},
    issn = {1555-0265},
    pmid = {24911322},
    arxivId = {1111.6189v1}
}

@article{Sasaki2014ConsciouslyActivity,
    title = {{Consciously Controlled Breathing Decreases the High-Frequency Component of Heart Rate Variability by Inhibiting Cardiac Parasympathetic Nerve Activity}},
    year = {2014},
    journal = {The Tohoku Journal of Experimental Medicine},
    author = {Sasaki, Konosuke and Maruyama, Ryoko},
    doi = {10.1620/tjem.233.155},
    issn = {1349-3329},
    pmid = {24965685}
}

@article{Bernardi2000EffectsVariability,
    title = {{Effects of controlled breathing, mental activity and mental stress with or without verbalization on heart rate variability}},
    year = {2000},
    journal = {Journal of the American College of Cardiology},
    author = {Bernardi, Luciano and Wdowczyk-Szulc, Joanna and Valenti, Cinzia and Castoldi, Stefano and Passino, Claudio and Spadacini, Giammario and Sleight, Peter},
    isbn = {0735-1097},
    doi = {10.1016/S0735-1097(00)00595-7},
    issn = {07351097},
    pmid = {10807448}
}

@article{Quintana2016GuidelinesCommunication,
    title = {{Guidelines for Reporting Articles on Psychiatry and Heart rate variability (GRAPH): recommendations to advance research communication}},
    year = {2016},
    journal = {Translational Psychiatry},
    author = {Quintana, D S and Alvares, G A and Heathers, J A J},
    isbn = {2158-3188},
    doi = {10.1038/tp.2016.73},
    issn = {2158-3188},
    pmid = {27163204}
}

@article{Mencagli2017HarnessingProcessing,
    title = {{Harnessing sliding-window execution semantics for parallel stream processing}},
    year = {2017},
    journal = {Journal of Parallel and Distributed Computing},
    author = {Mencagli, Gabriele and Torquati, Massimo and Lucattini, Fabio and Cuomo, Salvatore and Aldinucci, Marco},
    month = {11},
    url = {http://linkinghub.elsevier.com/retrieve/pii/S0743731517302976},
    doi = {10.1016/j.jpdc.2017.10.021},
    issn = {07437315}
}

@article{Hansen2004HeartDetraining,
    title = {{Heart rate variability and its relation to prefrontal cognitive function: the effects of training and detraining}},
    year = {2004},
    journal = {European Journal of Applied Physiology},
    author = {Hansen, Anita Lill and Johnsen, Bj�rn Helge and Sollers, John J. and Stenvik, Kjetil and Thayer, Julian F.},
    number = {3},
    month = {12},
    pages = {263--272},
    volume = {93},
    url = {http://link.springer.com/10.1007/s00421-004-1208-0},
    doi = {10.1007/s00421-004-1208-0},
    issn = {1439-6319}
}

@article{TaskForceoftheEuropeanSocietyofCardiologytheNorthAmericanSocietyofPacing1996HeartUse,
    title = {{Heart Rate Variability: Standards of Measurement, Physiological Interpretation, and Clinical Use}},
    year = {1996},
    journal = {Circulation},
    author = {{Task Force of the European Society of Cardiology the North American Society of Pacing}},
    number = {5},
    month = {3},
    pages = {1043--1065},
    volume = {93},
    url = {http://circ.ahajournals.org/content/93/5/1043.abstract},
    doi = {https://doi.org/10.1161/01.CIR.93.5.1043}
}

@article{Kampouraki2009HeartbeatMachines,
    title = {{Heartbeat Time Series Classification With Support Vector Machines}},
    year = {2009},
    journal = {IEEE TRANSACTIONS ON INFORMATION TECHNOLOGY IN BIOMEDICINE},
    author = {Kampouraki, Argyro and Manis, George and Nikou, Christophoros},
    number = {4},
    volume = {13},
    url = {https://www.eecis.udel.edu/~shatkay/Course/papers/USVMHeartBeatClassifier.pdf},
    doi = {10.1109/TITB.2008.2003323}
}

@inproceedings{Vanitha2014HierarchicalVariability,
    title = {{Hierarchical SVM to detect mental stress in human beings using Heart Rate Variability}},
    year = {2014},
    booktitle = {2014 2nd International Conference on Devices, Circuits and Systems (ICDCS)},
    author = {Vanitha, L. and Suresh, G. R.},
    month = {3},
    pages = {1--5},
    publisher = {IEEE},
    url = {http://ieeexplore.ieee.org/document/6926145/},
    isbn = {978-1-4799-1356-5},
    doi = {10.1109/ICDCSyst.2014.6926145}
}

@article{Tarvainen2013KubiosSoftware.,
    title = {{Kubios HRV - Heart rate variability analysis software.}},
    year = {2013},
    journal = {Computer methods and programs in biomedicine},
    author = {Tarvainen, Mika P and Niskanen, Juha-Pekka and Lipponen, Jukka a and Ranta-Aho, Pasi a and Karjalainen, Perttu O},
    doi = {10.1016/j.cmpb.2013.07.024},
    issn = {1872-7565},
    pmid = {24054542}
}

@article{Tarvainen2012KubiosGUIDE,
    title = {{Kubios HRV version 2.1 USER ’ S GUIDE}},
    year = {2012},
    journal = {Finland: Biosignal Analysis and},
    author = {Tarvainen, Mika P and Niskanen, Juha-Pekka},
    keywords = {HF, HR, HRV, LF}
}

@article{Houle1999Low-frequencyActivity.,
    title = {{Low-frequency component of the heart rate variability spectrum: a poor marker of sympathetic activity.}},
    year = {1999},
    journal = {The American journal of physiology},
    author = {Houle, Melanie S. and Billman, George E},
    isbn = {0002-9513},
    doi = {10.1016/S0165-1838(96)00128-2},
    issn = {0002-9513},
    pmid = {9887035},
    keywords = {Adrenergic beta-Antagonists, Adrenergic beta-Antagonists: pharmacology, Animals, Arteries, Atropine, Atropine: pharmacology, Constriction, Coronary Vessels, Coronary Vessels: physiology, Dogs, Heart Conduction System, Heart Conduction System: physiology, Heart Conduction System: physiopathology, Heart Rate, Heart Rate: drug effects, Heart Rate: physiology, Motor Activity, Motor Activity: physiology, Muscarinic Antagonists, Muscarinic Antagonists: pharmacology, Myocardial Infarction, Myocardial Infarction: physiopathology, Myocardial Ischemia, Myocardial Ischemia: physiopathology, Pathologic, Propranolol, Propranolol: pharmacology, Sympathetic Nervous System, Sympathetic Nervous System: physiology, Sympathetic Nervous System: physiopathology, Ventricular Fibrillation, Ventricular Fibrillation: physiopathology}
}

@article{Oweis2014QRSSurvey,
    title = {{QRS Detection and Heart Rate Variability Analysis: A Survey}},
    year = {2014},
    journal = {Biomedical Science and Engineering},
    author = {Oweis, Rami J and Al-Tabbaa, Basim O},
    isbn = {2333-438X},
    doi = {10.12691/bse-2-1-3},
    issn = {2333-4371}
}

@article{Bolkhovsky2012StatisticalCameras.,
    title = {{Statistical analysis of heart rate and heart rate variability monitoring through the use of smart phone cameras.}},
    year = {2012},
    journal = {Conference proceedings : ... Annual International Conference of the IEEE Engineering in Medicine and Biology Society. IEEE Engineering in Medicine and Biology Society. Conference},
    author = {Bolkhovsky, Jeffrey B and Scully, Christopher G and Chon, Ki H},
    isbn = {9781457717871},
    doi = {10.1109/EMBC.2012.6346253},
    issn = {1557-170X},
    pmid = {23366214},
    keywords = {Algorithms, Cellular Phone, Electrocardiography, Fingers, Fingers: physiology, Heart Rate, Heart Rate: physiology, Humans, Image Processing, Computer-Assisted, Image Processing, Computer-Assisted: methods, Linear Models, Signal Processing, Computer-Assisted, Signal Processing, Computer-Assisted: instrumentat, Video Recording, Video Recording: instrumentation}
}

@misc{FirstbeatTechnologiesLtd.StressVariability,
    title = {{Stress and Recovery Analysis Method Based on 24-hour Heart Rate Variability}},
    author = {{Firstbeat Technologies Ltd.}},
    url = {https://assets.firstbeat.com/firstbeat/uploads/2015/11/Stress-and-recovery_white-paper_20145.pdf}
}

@article{Prinsloo2011TheStress,
    title = {{The effect of short duration heart rate variability (HRV) biofeedback on cognitive performance during laboratory induced cognitive stress}},
    year = {2011},
    journal = {Applied Cognitive Psychology},
    author = {Prinsloo, Gabriell E. and Rauch, H. G.Laurie and Lambert, Michael I. and Muench, Frederick and Noakes, Timothy D. and Derman, Wayne E.},
    isbn = {0888-4080},
    doi = {10.1002/acp.1750},
    issn = {08884080}
}

@book{Dunning2014TimeData,
    title = {{Time Series Databases: New Ways to Store and Access Data}},
    year = {2014},
    author = {Dunning, Ted and Friedman, Ellen},
    edition = {1},
    pages = {82},
    publisher = {O'Reilly},
    isbn = {978-1491914724}
}

@inproceedings{Salahuddin2007UltraSettings,
    title = {{Ultra Short Term Analysis of Heart Rate Variability for Monitoring Mental Stress in Mobile Settings}},
    year = {2007},
    booktitle = {2007 29th Annual International Conference of the IEEE Engineering in Medicine and Biology Society},
    author = {Salahuddin, Lizawati and Cho, Jaegeol and Jeong, Myeong Gi and Kim, Desok},
    month = {8},
    pages = {4656--4659},
    publisher = {IEEE},
    url = {http://ieeexplore.ieee.org/document/4353378/},
    isbn = {978-1-4244-0787-3},
    doi = {10.1109/IEMBS.2007.4353378},
    issn = {1557-170X}
}